<record><leader>00000cas a22000007a 4500</leader><controlfield tag="001">20424601</controlfield><controlfield tag="008">891002d19731982mduwr ne      0    0eng d</controlfield><datafield ind1=" " ind2=" " tag="010"><subfield code="a">sn 89060142 </subfield></datafield><datafield ind1=" " ind2=" " tag="040"><subfield code="a">MFN</subfield><subfield code="b">eng</subfield><subfield code="c">MFN</subfield><subfield code="d">OCLCQ</subfield></datafield><datafield ind1=" " ind2=" " tag="042"><subfield code="a">msc</subfield></datafield><datafield ind1="0" ind2=" " tag="130"><subfield code="a">Record (Havre de Grace, Md. : 1973)</subfield></datafield><datafield ind1="1" ind2="4" tag="245"><subfield code="a">The record.</subfield></datafield><datafield ind1=" " ind2=" " tag="260"><subfield code="a">Havre de Grace, Md. :</subfield><subfield code="b">Henry O. Winter</subfield></datafield><datafield ind1=" " ind2=" " tag="300"><subfield code="a">v.</subfield></datafield><datafield ind1=" " ind2=" " tag="310"><subfield code="a">Weekly</subfield></datafield><datafield ind1="0" ind2=" " tag="362"><subfield code="a">Vol. 27, no. 51 (Dec. 19, 1973)-v. 36, no. 30 (July 28, 1982).</subfield></datafield><datafield ind1=" " ind2=" " tag="752"><subfield code="a">United States</subfield><subfield code="b">Maryland</subfield><subfield code="c">Harford</subfield><subfield code="d">Havre de Grace.</subfield></datafield><datafield ind1="0" ind2="0" tag="780"><subfield code="t">Havre de Grace record</subfield><subfield code="w">(DLC)sn 89060143</subfield></datafield><datafield ind1="0" ind2="6" tag="785"><subfield code="t">Record (Havre de Grace, Md. : Susquehanna ed.)</subfield><subfield code="w">(DLC)sn 90057277</subfield></datafield><datafield ind1="0" ind2="6" tag="785"><subfield code="t">Record (Havre de Grace, Md. : Gunpowder ed.)</subfield><subfield code="w">(DLC)sn 90057278</subfield></datafield></record>